@article{qteleport,
  title = {Teleporting an unknown quantum state via dual classical and Einstein-Podolsky-Rosen channels},
  author = {Bennett, Charles H. and Brassard, Gilles and Cr\'epeau, Claude and Jozsa, Richard and Peres, Asher and Wootters, William K.},
  journal = {Phys. Rev. Lett.},
  volume = {70},
  issue = {13},
  pages = {1895--1899},
  numpages = {0},
  year = {1993},
  month = {Mar},
  publisher = {American Physical Society},
  doi = {10.1103/PhysRevLett.70.1895},
  url = {https://link.aps.org/doi/10.1103/PhysRevLett.70.1895}
}

@inproceedings{qkd,
author = {Bennett, Charles and Brassard, Gilles},
year = {1984},
month = {01},
pages = {175-179},
title = {Quantum cryptography: Public key distribution and coin tossing},
volume = {560},
journal = {Theoretical Computer Science - TCS},
doi = {10.1016/j.tcs.2011.08.039}
}

@article{shenvi2003,
  title = {Quantum random-walk search algorithm},
  author = {Shenvi, Neil and Kempe, Julia and Whaley, K. Birgitta},
  journal = {Phys. Rev. A},
  volume = {67},
  issue = {5},
  pages = {052307},
  numpages = {11},
  year = {2003},
  month = {May},
  publisher = {American Physical Society},
  doi = {10.1103/PhysRevA.67.052307},
  url = {https://link.aps.org/doi/10.1103/PhysRevA.67.052307}
}

%sample edit
